<?xml version="1.0" encoding="UTF-8"?><collection xmlns="http://www.loc.gov/MARC21/slim"><record><leader>00632nam--2200205-i-4500</leader><controlfield tag="001">000042436</controlfield><controlfield tag="002">20161230</controlfield><controlfield tag="005">20161230201043</controlfield><controlfield tag="008">060222s1000------------r-----000-0-eng-d</controlfield><datafield ind1=" " ind2=" " tag="020"><subfield code="a">3110981504</subfield></datafield><datafield ind1=" " ind2=" " tag="040"><subfield code="a">IFIN-HH</subfield></datafield><datafield ind1=" " ind2=" " tag="080"><subfield code="a">535.338.3:535.338.332:535.338.334(061.3)</subfield></datafield><datafield ind1="1" ind2=" " tag="100"><subfield code="a">Wende, Burkhard</subfield></datafield><datafield ind1="1" ind2="0" tag="245"><subfield code="a">Spectral line shapes</subfield><subfield code="b">Proceedings fifth international conference berlin (west), july 7-11, 1980</subfield><subfield code="c">BURKHARD WENDE (Ed.)</subfield></datafield><datafield ind1=" " ind2=" " tag="260"><subfield code="a">Berlin</subfield><subfield code="b">Walter De Gruyter</subfield><subfield code="c">1981</subfield></datafield><datafield ind1=" " ind2=" " tag="300"><subfield code="a">XV + 1200 P</subfield></datafield><datafield ind1=" " ind2=" " tag="490"><subfield code="a">Proceeedings</subfield></datafield><datafield ind1="0" ind2=" " tag="650"><subfield code="a">Plasma Spectrosocpy</subfield></datafield><datafield ind1=" " ind2=" " tag="852"><subfield code="a">49535</subfield><subfield code="c">535.33</subfield></datafield><datafield ind1=" " ind2=" " tag="CAT"><subfield code="a">Sys</subfield><subfield code="c">20101216</subfield><subfield code="h">141122</subfield></datafield></record></collection>